@article{bergstra2012random,
  title={Random search for hyper-parameter optimization},
  author={Bergstra, James and Bengio, Yoshua},
  journal={The Journal of Machine Learning Research},
  volume={13},
  number={1},
  pages={281--305},
  year={2012},
  publisher={JMLR. org}
}

@article{bauschke2014optimal,
  title={Optimal rates of convergence of matrices with applications},
  author={Bauschke, Heinz H and Cruz, JY and Nghia, Tran TA and Phan, Hung M and Wang, Xianfu},
  journal={arXiv preprint arXiv:1407.0671},
  year={2014}
}